@InProceedings{HARD-NDB,
    author="Esponda, Fernando
    and Ackley, Elena S.
    and Helman, Paul
    and Jia, Haixia
    and Forrest, Stephanie",
    editor="Katsikas, Sokratis K.
    and L{\'o}pez, Javier
    and Backes, Michael
    and Gritzalis, Stefanos
    and Preneel, Bart",
    title="Protecting Data Privacy Through Hard-to-Reverse Negative Databases",
    booktitle="Information Security",
    year="2006",
    publisher="Springer Berlin Heidelberg",
    address="Berlin, Heidelberg",
    abstract="The paper extends the idea of negative representations of information for enhancing privacy. Simply put, a set DB of data elements can be represented in terms of its complement set. That is, all the elements not in DB are depicted and DB itself is not explicitly stored.",
    isbn="978-3-540-38343-7"
}

@phdthesis{NRI-Esponda,
    author = {Esponda, Fernando},
    title = {Negative Representations of Information},
    year = {2005},
    langid = {english}
}

@inproceedings{Esponda2004EnhancingPT,
    title={Enhancing Privacy through Negative Representations of Data},
    author={F. Esponda and S. Forrest and P. Helman},
    year={2004}
}

@inproceedings{from-hash,
    author = {Danezis, George and Diaz, Claudia and Faust, Sebastian and KÃ¤sper, Emilia and Troncoso, Carmela and Preneel, Bart},
    year = {2007},
    month = {10},
    pages = {423-436},
    title = {Efficient Negative Databases from Cryptographic Hash Functions},
    volume = {4779},
    doi = {10.1007/978-3-540-75496-1_28}
}

@article{GeneratingHardFormulasByHidingSolutionsDeceptively,
    author = {Jia, Haixia and Moore, Cristopher and Strain, Doug},
    year = {2005},
    month = {03},
    pages = {},
    title = {Generating Hard Satisfiable Formulas by Hiding Solutions Deceptively},
    volume = {28},
    journal = {Journal of Artificial Intelligence Research - JAIR},
    doi = {10.1613/jair.2039}
}


@article{HidingSatisfyingAssignmentsTwoAreBetterThanOne,
    author = {Achlioptas, Dimitris and Jia, Haixia and Moore, Cristopher},
    year = {2005},
    month = {04},
    pages = {},
    title = {Hiding Satisfying Assignments: Two are Better than One},
    volume = {24},
    journal = {Proceedings of the National Conference on Artificial Intelligence},
    doi = {10.1613/jair.1681}
}

